@article{gebauer2022homogenized,
  title={A homogenized constrained mixture model of cardiac growth and remodeling: Analyzing mechanobiological stability and reversal},
  author={Gebauer, Amadeus M and Pfaller, Martin R and Braeu, Fabian A and Cyron, Christian J and Wall, Wolfgang A},
  journal={arXiv preprint arXiv:2203.12615},
  year={2022}
}

@article{cyron2016homogenized,
  title={A homogenized constrained mixture (and mechanical analog) model for growth and remodeling of soft tissue},
  author={Cyron, CJ and Aydin, RC and Humphrey, JD},
  journal={Biomechanics and modeling in mechanobiology},
  volume={15},
  pages={1389--1403},
  year={2016},
  publisher={Springer}
}

@article{rodriguez1994stress,
  title={Stress-dependent finite growth in soft elastic tissues},
  author={Rodriguez, Edward K and Hoger, Anne and McCulloch, Andrew D},
  journal={Journal of biomechanics},
  volume={27},
  number={4},
  pages={455--467},
  year={1994},
  publisher={Elsevier}
}

@article{humphrey2002constrained,
  title={A constrained mixture model for growth and remodeling of soft tissues},
  author={Humphrey, Jay D and Rajagopal, KR1894260},
  journal={Mathematical models and methods in applied sciences},
  volume={12},
  number={03},
  pages={407--430},
  year={2002},
  publisher={World Scientific}
}

@article{kerckhoffs2012single,
  title={A single strain-based growth law predicts concentric and eccentric cardiac growth during pressure and volume overload},
  author={Kerckhoffs, Roy and Omens, Jeffrey and McCulloch, Andrew},
  journal={Biophysical Journal},
  volume={102},
  number={3},
  pages={353a},
  year={2012},
  publisher={Elsevier}
}

@article{lee2016integrated,
  title={An integrated electromechanical-growth heart model for simulating cardiac therapies},
  author={Lee, Lik Chuan and Sundnes, Joakim and Genet, Martin and Wenk, Jonathan F and Wall, Samuel T},
  journal={Biomechanics and modeling in mechanobiology},
  volume={15},
  pages={791--803},
  year={2016},
  publisher={Springer}
}

@article{witzenburg2017comparison,
  title={A comparison of phenomenologic growth laws for myocardial hypertrophy},
  author={Witzenburg, Colleen M and Holmes, Jeffrey W},
  journal={Journal of Elasticity},
  volume={129},
  pages={257--281},
  year={2017},
  publisher={Springer}
}


@article{holzapfel2009constitutive,
  title={Constitutive modelling of passive myocardium: a structurally based framework for material characterization},
  author={Holzapfel, Gerhard A and Ogden, Ray W},
  journal={Philosophical Transactions of the Royal Society A: Mathematical, Physical and Engineering Sciences},
  volume={367},
  number={1902},
  pages={3445--3475},
  year={2009},
  publisher={The Royal Society Publishing}
}

@article{ambrosi2012active,
  title={Active stress vs. active strain in mechanobiology: constitutive issues},
  author={Ambrosi, D and Pezzuto, S28990101312},
  journal={Journal of Elasticity},
  volume={107},
  pages={199--212},
  year={2012},
  publisher={Springer}
}

@article{braeu2017homogenized,
  title={Homogenized constrained mixture models for anisotropic volumetric growth and remodeling},
  author={Braeu, FA and Seitz, A and Aydin, RC and Cyron, CJ},
  journal={Biomechanics and modeling in mechanobiology},
  volume={16},
  pages={889--906},
  year={2017},
  publisher={Springer}
}


@article{laubrie2022prestretch,
  title={About prestretch in homogenized constrained mixture models simulating growth and remodeling in patient-specific aortic geometries},
  author={Laubrie, Joan D and Mousavi, S Jamaleddin and Avril, St{\'e}phane},
  journal={Biomechanics and modeling in mechanobiology},
  volume={21},
  number={2},
  pages={455--469},
  year={2022},
  publisher={Springer}
}

@article{mousavi2017patient,
  title={Patient-specific stress analyses in the ascending thoracic aorta using a finite-element implementation of the constrained mixture theory},
  author={Mousavi, S Jamaleddin and Avril, St{\'e}phane},
  journal={Biomechanics and modeling in mechanobiology},
  volume={16},
  pages={1765--1777},
  year={2017},
  publisher={Springer}
}